
@article{weibull_statistical_1951,
	title = {A {Statistical} {Distribution} {Function} of {Wide} {Applicability}},
	journal = {Journal of applied mechanics},
	author = {Weibull, Waloddi},
	year = {1951},
	file = {Weibull-ASME-Paper-1951.pdf:/Users/johannesmauritzen/Library/Application Support/Zotero/Profiles/y2oiwf2h.default/zotero/storage/73UCSI56/Weibull-ASME-Paper-1951.pdf:application/pdf}
}

@misc{_vestas_,
	title = {Vesta {V}90 3.0 {MW} {Brochure}},
	url = {http://nozebra.ipapercms.dk/Vestas/Communication/Productbrochure/V9030MW/V9030MWUK/},
	file = {V90-30MW_UKpdf.pdf:/Users/johannesmauritzen/Library/Application Support/Zotero/Profiles/y2oiwf2h.default/zotero/storage/QE2PD345/V90-30MW_UKpdf.pdf:application/pdf}
}

@book{stan_development_team_stan,
	title = {Stan: {A} {C}++ {Library} for {Probability} and {Sampling}, {Version} 2.5.0},
	url = {http://mc-stan.org/},
	author = {{Stan Development Team}},
	year = {2014}
}

@book{stan_development_team_pystan:_2014,
	title = {{PyStan}: the {Python} interface to {Stan}, {Version} 2.5.0},
	url = {http://mc-stan.org/pystan.html},
	author = {{Stan Development Team}},
	year = {2014}
}